@article{DBLP:journals/corr/KonecnyMYRSB16,
  author    = {Jakub Kone{\v{c}}n{\'y} and
               H. Brendan McMahan and
               Felix X. Yu and
               Peter Richt{\'{a}}rik and
               Ananda Theertha Suresh and
               Dave Bacon},
  title     = {Federated Learning: Strategies for Improving Communication Efficiency},
  journal   = {CoRR},
  volume    = {abs/1610.05492},
  year      = {2016},
  url       = {http://arxiv.org/abs/1610.05492},
  eprinttype = {arXiv},
  eprint    = {1610.05492},
  timestamp = {Mon, 13 Aug 2018 16:48:21 +0200},
  biburl    = {https://dblp.org/rec/journals/corr/KonecnyMYRSB16.bib},
  bibsource = {dblp computer science bibliography, https://dblp.org}
}

@article{DBLP:journals/corr/abs-2003-08082,
  author    = {Tzu{-}Ming Harry Hsu and
               Hang Qi and
               Matthew Brown},
  title     = {Federated Visual Classification with Real-World Data Distribution},
  journal   = {CoRR},
  volume    = {abs/2003.08082},
  year      = {2020},
  url       = {https://arxiv.org/abs/2003.08082},
  eprinttype = {arXiv},
  eprint    = {2003.08082},
  timestamp = {Wed, 01 Apr 2020 15:30:17 +0200},
  biburl    = {https://dblp.org/rec/journals/corr/abs-2003-08082.bib},
  bibsource = {dblp computer science bibliography, https://dblp.org}
}

@article{DBLP:journals/corr/abs-1909-06335,
  author    = {Tzu{-}Ming Harry Hsu and
               Hang Qi and
               Matthew Brown},
  title     = {Measuring the Effects of Non-Identical Data Distribution for Federated
               Visual Classification},
  journal   = {CoRR},
  volume    = {abs/1909.06335},
  year      = {2019},
  url       = {http://arxiv.org/abs/1909.06335},
  eprinttype = {arXiv},
  eprint    = {1909.06335},
  timestamp = {Wed, 01 Apr 2020 15:30:17 +0200},
  biburl    = {https://dblp.org/rec/journals/corr/abs-1909-06335.bib},
  bibsource = {dblp computer science bibliography, https://dblp.org}
}